<record><leader>00000cas a22000007a 4500</leader><controlfield tag="001">12654086</controlfield><controlfield tag="008">851010d18731993lauwr ne      0   a0eng d</controlfield><datafield ind1=" " ind2=" " tag="010"><subfield code="a">sn 85034322 </subfield></datafield><datafield ind1=" " ind2=" " tag="040"><subfield code="a">NPU</subfield><subfield code="b">eng</subfield><subfield code="c">NPU</subfield><subfield code="d">NPX</subfield><subfield code="d">LNP</subfield><subfield code="d">MGN</subfield><subfield code="d">LNP</subfield><subfield code="d">OCLCQ</subfield><subfield code="d">DLC</subfield><subfield code="d">OCLCF</subfield></datafield><datafield ind1="0" ind2=" " tag="022"><subfield code="a">2381-5469</subfield><subfield code="2">1</subfield></datafield><datafield ind1=" " ind2=" " tag="042"><subfield code="a">msc</subfield><subfield code="a">nsdp</subfield></datafield><datafield ind1=" " ind2=" " tag="043"><subfield code="a">n-us-la</subfield></datafield><datafield ind1="0" ind2="0" tag="050"><subfield code="a">Newspaper</subfield></datafield><datafield ind1="0" ind2="0" tag="082"><subfield code="a">071</subfield><subfield code="2">23</subfield></datafield><datafield ind1="0" ind2=" " tag="130"><subfield code="a">St. Charles herald (Hahnville, La.)</subfield></datafield><datafield ind1=" " ind2="4" tag="222"><subfield code="a">The St. Charles herald</subfield><subfield code="b">(Hahnville, La. Print)</subfield></datafield><datafield ind1="1" ind2="4" tag="245"><subfield code="a">The St. Charles herald.</subfield></datafield><datafield ind1="3" ind2="0" tag="246"><subfield code="a">Saint Charles herald</subfield></datafield><datafield ind1=" " ind2=" " tag="260"><subfield code="a">Hahnville, La. :</subfield><subfield code="b">Horace Vallas</subfield></datafield><datafield ind1=" " ind2=" " tag="300"><subfield code="a">v. ;</subfield><subfield code="c">56 cm.</subfield></datafield><datafield ind1=" " ind2=" " tag="310"><subfield code="a">Weekly</subfield></datafield><datafield ind1="1" ind2=" " tag="362"><subfield code="a">Began Feb. 15, 1873.</subfield></datafield><datafield ind1="0" ind2=" " tag="362"><subfield code="a">-v. 120, no. 15 (May 27, 1993).</subfield></datafield><datafield ind1=" " ind2=" " tag="500"><subfield code="a">Published in Norco, Aug. 21, 1980-</subfield></datafield><datafield ind1=" " ind2=" " tag="530"><subfield code="a">Archived issues are available in digital format from the Library of Congress Chronicling America online collection.</subfield></datafield><datafield ind1=" " ind2=" " tag="588"><subfield code="a">Description based on: Vol. 1, no. 13 (May 10, 1873).</subfield></datafield><datafield ind1=" " ind2="0" tag="651"><subfield code="a">Hahnville (La.)</subfield><subfield code="v">Newspapers.</subfield></datafield><datafield ind1=" " ind2="7" tag="655"><subfield code="a">Newspapers.</subfield><subfield code="2">fast</subfield><subfield code="0">(OCoLC)fst01423814</subfield></datafield><datafield ind1=" " ind2="7" tag="651"><subfield code="a">Louisiana</subfield><subfield code="z">Hahnville.</subfield><subfield code="2">fast</subfield><subfield code="0">(OCoLC)fst01234027</subfield></datafield><datafield ind1=" " ind2=" " tag="752"><subfield code="a">United States</subfield><subfield code="b">Louisiana</subfield><subfield code="c">Saint Charles</subfield><subfield code="d">Norco.</subfield></datafield><datafield ind1=" " ind2=" " tag="752"><subfield code="a">United States</subfield><subfield code="b">Louisiana</subfield><subfield code="c">Saint Charles</subfield><subfield code="d">Hahnville.</subfield></datafield><datafield ind1="0" ind2="8" tag="776"><subfield code="i">Online version:</subfield><subfield code="t">St. Charles herald (Hahnville, La.)</subfield><subfield code="x">2381-5477</subfield><subfield code="w">(DLC)  2015270565</subfield><subfield code="w">(OCoLC)925922071</subfield></datafield><datafield ind1="0" ind2="7" tag="785"><subfield code="t">River parishes guide</subfield><subfield code="w">(DLC)sn 84009659</subfield></datafield><datafield ind1="0" ind2="7" tag="785"><subfield code="t">St. Charles herald-guide</subfield><subfield code="w">(OCoLC)30330547</subfield></datafield><datafield ind1="4" ind2="1" tag="856"><subfield code="u">http://www.loc.gov/chroniclingamerica/lccn/sn85034322/issues</subfield></datafield></record>